<record><leader>00000cas a2200000 a 4500</leader><controlfield tag="001">12402656</controlfield><controlfield tag="008">850820d19321967aludr ne      0    0eng d</controlfield><datafield ind1=" " ind2=" " tag="010"><subfield code="a">sn 87050066 </subfield></datafield><datafield ind1=" " ind2=" " tag="040"><subfield code="a">AAA</subfield><subfield code="b">eng</subfield><subfield code="c">AAA</subfield><subfield code="d">CPN</subfield><subfield code="d">NVK</subfield><subfield code="d">OCL</subfield><subfield code="d">OCLCQ</subfield><subfield code="d">OCLCF</subfield><subfield code="d">OCLCO</subfield></datafield><datafield ind1="1" ind2=" " tag="029"><subfield code="a">AU@</subfield><subfield code="b">000022176906</subfield></datafield><datafield ind1=" " ind2=" " tag="042"><subfield code="a">msc</subfield></datafield><datafield ind1=" " ind2=" " tag="043"><subfield code="a">n-us-al</subfield></datafield><datafield ind1="0" ind2=" " tag="130"><subfield code="a">Florence times (Florence, Ala. : 1932)</subfield></datafield><datafield ind1="1" ind2="4" tag="245"><subfield code="a">The Florence times.</subfield></datafield><datafield ind1=" " ind2=" " tag="260"><subfield code="a">Florence, Ala. :</subfield><subfield code="b">Florence Times-News,</subfield><subfield code="c">1932-1967.</subfield></datafield><datafield ind1=" " ind2=" " tag="300"><subfield code="a">v.</subfield></datafield><datafield ind1=" " ind2=" " tag="310"><subfield code="a">Daily,</subfield><subfield code="b">&lt;Aug. 24, 1952-&gt;</subfield></datafield><datafield ind1=" " ind2=" " tag="321"><subfield code="a">Daily (except Sun.),</subfield><subfield code="b">&lt;Feb. 11, 1932-Aug. 22, 1952&gt;</subfield></datafield><datafield ind1="0" ind2=" " tag="362"><subfield code="a">Vol. 8, no. 185 (Feb. 11, 1932)-v. 108, no. 54 (May 24, 1967).</subfield></datafield><datafield ind1=" " ind2=" " tag="500"><subfield code="a">Publisher varies: Tri-Cities Newspapers, Inc., &lt;1964&gt;</subfield></datafield><datafield ind1=" " ind2=" " tag="500"><subfield code="a">July 4, 1964 issue includes reprint of Alexander Purdie's, Virginia Gazette for July 26, 1776.</subfield></datafield><datafield ind1=" " ind2=" " tag="515"><subfield code="a">Numbering is irregular.</subfield></datafield><datafield ind1=" " ind2=" " tag="580"><subfield code="a">Published on Sundays in combination with the Tri-Cities Daily, &lt;1950-1952&gt;.</subfield></datafield><datafield ind1=" " ind2="0" tag="651"><subfield code="a">Florence (Ala.)</subfield><subfield code="v">Newspapers.</subfield></datafield><datafield ind1=" " ind2="0" tag="651"><subfield code="a">Lauderdale County (Ala.)</subfield><subfield code="v">Newspapers.</subfield></datafield><datafield ind1=" " ind2="7" tag="655"><subfield code="a">Newspapers.</subfield><subfield code="2">fast</subfield><subfield code="0">(OCoLC)fst01423814</subfield></datafield><datafield ind1=" " ind2="7" tag="651"><subfield code="a">Alabama</subfield><subfield code="z">Florence.</subfield><subfield code="2">fast</subfield><subfield code="0">(OCoLC)fst01216828</subfield></datafield><datafield ind1=" " ind2="7" tag="651"><subfield code="a">Alabama</subfield><subfield code="z">Lauderdale County.</subfield><subfield code="2">fast</subfield><subfield code="0">(OCoLC)fst01211932</subfield></datafield><datafield ind1=" " ind2=" " tag="752"><subfield code="a">United States</subfield><subfield code="b">Alabama</subfield><subfield code="c">Lauderdale</subfield><subfield code="d">Florence.</subfield></datafield><datafield ind1="0" ind2="0" tag="780"><subfield code="t">Florence times-news</subfield><subfield code="w">(DLC)sn 87050064</subfield></datafield><datafield ind1="0" ind2="7" tag="785"><subfield code="t">Tri-cities daily</subfield><subfield code="w">(DLC)sn 85044993</subfield></datafield><datafield ind1="0" ind2="7" tag="785"><subfield code="t">Times + tri-cities daily</subfield><subfield code="w">(DLC)sn 85044994</subfield></datafield></record>